<record><leader>00000cas a2200000 a 4500</leader><controlfield tag="001">11085407</controlfield><controlfield tag="008">840824d18571858ksuwr ne      0   a0eng d</controlfield><datafield ind1=" " ind2=" " tag="010"><subfield code="a">sn 84029486 </subfield></datafield><datafield ind1=" " ind2=" " tag="040"><subfield code="a">KSH</subfield><subfield code="b">eng</subfield><subfield code="c">KSH</subfield><subfield code="d">NPT</subfield><subfield code="d">OCL</subfield><subfield code="d">OCLCQ</subfield></datafield><datafield ind1=" " ind2=" " tag="042"><subfield code="a">msc</subfield></datafield><datafield ind1="0" ind2="0" tag="245"><subfield code="a">Elwood advertiser.</subfield></datafield><datafield ind1="3" ind2="0" tag="246"><subfield code="a">Elwood weekly advertiser</subfield></datafield><datafield ind1=" " ind2=" " tag="260"><subfield code="a">Elwood, Kan. Territory :</subfield><subfield code="b">Fairman &amp; Newman,</subfield><subfield code="c">1857-1858.</subfield></datafield><datafield ind1=" " ind2=" " tag="300"><subfield code="a">1 v. ;</subfield><subfield code="c">61 cm.</subfield></datafield><datafield ind1=" " ind2=" " tag="310"><subfield code="a">Weekly</subfield></datafield><datafield ind1="0" ind2=" " tag="362"><subfield code="a">Vol. 1, no. 1 (June 25, 1857)-v. 1, no. 37 (Apr. 25, 1858).</subfield></datafield><datafield ind1=" " ind2=" " tag="500"><subfield code="a">Published as: Elwood weekly advertiser, July 9, 1857-Apr. 25, 1858.</subfield></datafield><datafield ind1=" " ind2=" " tag="752"><subfield code="a">United States</subfield><subfield code="b">Kansas</subfield><subfield code="c">Doniphan</subfield><subfield code="d">Elwood.</subfield></datafield></record>